@InProceedings{andreas-klein:2014:P14-2,
  author    = {Andreas, Jacob  and  Klein, Dan},
  title     = {How much do word embeddings encode about syntax?},
  booktitle = {Proceedings of the 52nd Annual Meeting of the Association for Computational Linguistics (Volume 2: Short Papers)},
  month     = {June},
  year      = {2014},
  address   = {Baltimore, Maryland},
  publisher = {Association for Computational Linguistics},
  pages     = {822--827},
  url       = {http://www.aclweb.org/anthology/P14-2133}
}

@inproceedings{2014David,
	author = {Hall,David and Durrett,Greg and Klein,Dan},
	title = {Less Grammar, More Features},
	booktitle = {Proceedings of the 52nd Annual Meeting of the Association for Computational Linguistics},
	publisher = {},
	address = {Baltimore, Maryland},
	pages = {228-337},
	year = {2014}
}

@InProceedings{hall-durrett-klein:2014:P14-1,
  author    = {Hall, David  and  Durrett, Greg  and  Klein, Dan},
  title     = {Less Grammar, More Features},
  booktitle = {Proceedings of the 52nd Annual Meeting of the Association for Computational Linguistics (Volume 1: Long Papers)},
  month     = {June},
  year      = {2014},
  address   = {Baltimore, Maryland},
  publisher = {Association for Computational Linguistics},
  pages     = {228--237},
  url       = {http://www.aclweb.org/anthology/P14-1022}
}

@InProceedings{wang-xue:2014:P14-1,
  author    = {Wang, Zhiguo  and  Xue, Nianwen},
  title     = {Joint POS Tagging and Transition-based Constituent Parsing in Chinese with Non-local Features},
  booktitle = {Proceedings of the 52nd Annual Meeting of the Association for Computational Linguistics (Volume 1: Long Papers)},
  month     = {June},
  year      = {2014},
  address   = {Baltimore, Maryland},
  publisher = {Association for Computational Linguistics},
  pages     = {733--742},
  url       = {http://www.aclweb.org/anthology/P14-1069}
}

@article{BohnetJMA13,
  title = {Joint Morphological and Syntactic Analysis for Richly Inflected Languages},
  journal = {Transactions of the Association for Computational Linguistics},
  year = {2013},
  volume = {1},
  number = {Oct},
  pages = {429--440},
  author = {Bohnet, Bernd and Nivre, Joakim and Boguslavsky, Igor M. and Farkas, Rich{\'a}rd and Haji{\v{c}}, Jan},
  url = {http://www.transacl.org/wp-content/uploads/2013/10/paperno34.pdf},
  note = {}
}

@inproceedings{2013Zhao,
	author = {Zhao,Kai and Cross,Jame and Huang,Liang},
	title = {Optimal Incremental Parsing via Best-First Dynamic Programming},
	booktitle = {Proceedings of EMNLP 2013},
	publisher = {},
	address = {},
	pages = {},
	year = {2013}
}

@InProceedings{zhao-cross-huang:2013:EMNLP,
  author    = {Zhao, Kai  and  Cross, James  and  Huang, Liang},
  title     = {Optimal Incremental Parsing via Best-First Dynamic Programming},
  booktitle = {Proceedings of the 2013 Conference on Empirical Methods in Natural Language Processing},
  month     = {October},
  year      = {2013},
  address   = {Seattle, Washington, USA},
  publisher = {Association for Computational Linguistics},
  pages     = {758--768},
  url       = {http://www.aclweb.org/anthology/D13-1071}
}

@inproceedings{zhu-EtAl:2013:ACL20131,
  author    = {Zhu, Muhua  and  Zhang, Yue  and  Chen, Wenliang  and  Zhang, Min  and  Zhu, Jingbo},
  title     = {Fast and Accurate Shift-Reduce Constituent Parsing},
  booktitle = {Proceedings of the 51st Annual Meeting of the Association for Computational Linguistics (Volume 1: Long Papers)},
  month     = {August},
  year      = {2013},
  address   = {Sofia, Bulgaria},
  publisher = {Association for Computational Linguistics},
  pages     = {434--443},
  url       = {http://www.aclweb.org/anthology/P13-1043}
}

@InProceedings{hatori-EtAl:2012:ACL2012,
  author    = {Hatori, Jun  and  Matsuzaki, Takuya  and  Miyao, Yusuke  and  Tsujii, Jun'ichi},
  title     = {Incremental Joint Approach to Word Segmentation, POS Tagging, and Dependency Parsing in Chinese},
  booktitle = {Proceedings of the 50th Annual Meeting of the Association for Computational Linguistics (Volume 1: Long Papers)},
  month     = {July},
  year      = {2012},
  address   = {Jeju Island, Korea},
  publisher = {Association for Computational Linguistics},
  pages     = {1045--1053},
  url       = {http://www.aclweb.org/anthology/P12-1110}
}

@InProceedings{2012Zhu,
	author    = {Zhu,Muhua  and  Zhang,Yue  and  Chen,Wenliang  and  Zhang,Min  and  Zhu,Jingbo},
	title     = {Fast and Accurate Shift-Reduce Constituent Parsing},
	booktitle = {Proceedings of the 51st Annual Meeting of the Association for Computational Linguistics (Volume 1: Long Papers)},
	month     = {August},
	year      = {2012},
	address   = {Sofia, Bulgaria},
	publisher = {Association for Computational Linguistics},
	pages     = {434--443},
	url       = {http://www.aclweb.org/anthology/P13-1043}
}

@InProceedings{kuhlmann-etal:2011:ACL-HLT2011,
  author    = {Kuhlmann, Marco  and  G\'{o}mez-Rodr\'{i}guez, Carlos  and  Satta, Giorgio},
  title     = {Dynamic Programming Algorithms for Transition-Based Dependency Parsers},
  booktitle = {Proceedings of the 49th Annual Meeting of the Association for Computational Linguistics: Human Language Technologies},
  month     = {June},
  year      = {2011},
  address   = {Portland, Oregon, USA},
  publisher = {Association for Computational Linguistics},
  pages     = {673--682},
  url       = {http://www.aclweb.org/anthology/P11-1068}
}

@InProceedings{zhang-nivre:2011:ACL-HLT2011,
  author    = {Zhang, Yue  and  Nivre, Joakim},
  title     = {Transition-based Dependency Parsing with Rich Non-local Features},
  booktitle = {Proceedings of the 49th Annual Meeting of the Association for Computational Linguistics: Human Language Technologies},
  month     = {June},
  year      = {2011},
  address   = {Portland, Oregon, USA},
  publisher = {Association for Computational Linguistics},
  pages     = {188--193},
  url       = {http://www.aclweb.org/anthology/P11-2033}
}

@inproceedings{2011Zhang,
	author = {Zhang,Yue and Nivre,Joakim},
	title = {Transition-based dependency parsing with rich non-local features},
	booktitle = {Proceedings of ACL 2011},
	publisher = {},
	address = {Portland, Oregon, USA},
	pages = {188–193},
	year = {2011}
}

@inproceedings{2010Huang,
	author = {Huang,Liang and Sagae,Kenji},
	title = {Dynamic programming for linear-time incremental parsing},
	booktitle = {Proceedings of ACL 2010},
	publisher = {},
	address = {},
	pages = {},
	year = {2010}
}

@InProceedings{huang-sagae:2010:ACL,
  author    = {Huang, Liang  and  Sagae, Kenji},
  title     = {Dynamic Programming for Linear-Time Incremental Parsing},
  booktitle = {Proceedings of the 48th Annual Meeting of the Association for Computational Linguistics},
  month     = {July},
  year      = {2010},
  address   = {Uppsala, Sweden},
  publisher = {Association for Computational Linguistics},
  pages     = {1077--1086},
  url       = {http://www.aclweb.org/anthology/P10-1110}
}

@inproceedings{2009Zhang,
	author = {Zhang,Yue and Clark,Stephen},
	title = {Transition-based parsing of the Chinese Treebank using a global discriminative model.},
	booktitle = {Proceedings of IWPT},
	publisher = {},
	address = {Paris, France},
	pages = {},
	year = {2009}
}

@inproceedings{2008Xavier,
	author = {Carreras,Xavier and Collins,Michael and Koo,Terry},
	title = {Tag, dynamic programming, and the perceptron for efficient, feature-rich parsing},
	booktitle = {Proceedings of CoNLL},
	publisher = {},
	address = {Manchester, England},
	pages = {9-16},
	year = {2008}
}

@inproceedings{2008Huang,
	author = {Huang,Liang},
	title = {Forest reranking: discriminative parsing with non-local features},
	booktitle = {Proceedings of ACL},
	publisher = {},
	address = {Ohio, USA},
	pages = {586-594},
	year = {2008}
}

@InProceedings{zhang-clark:2008:EMNLP,
  author    = {Zhang, Yue  and  Clark, Stephen},
  title     = {A Tale of Two Parsers: {I}nvestigating and Combining Graph-based and Transition-based Dependency Parsing},
  booktitle = {Proceedings of the 2008 Conference on Empirical Methods in Natural Language Processing},
  month     = {October},
  year      = {2008},
  address   = {Honolulu, Hawaii},
  publisher = {Association for Computational Linguistics},
  pages     = {562--571},
  url       = {http://www.aclweb.org/anthology/D08-1059}
}

@inproceedings{Petrov:2006:ACL,
 author = {Petrov, Slav and Barrett, Leon and Thibaux, Romain and Klein, Dan},
 title = {Learning Accurate, Compact, and Interpretable Tree Annotation},
 booktitle = {Proceedings of the 21st International Conference on Computational Linguistics and the 44th Annual Meeting of the Association for Computational Linguistics},
 series = {ACL-44},
 year = {2006},
 location = {Sydney, Australia},
 pages = {433--440},
 numpages = {8},
 url = {http://dx.doi.org/10.3115/1220175.1220230},
 doi = {10.3115/1220175.1220230},
 acmid = {1220230},
 publisher = {Association for Computational Linguistics},
 address = {Stroudsburg, PA, USA},
} 

@inproceedings{2007petrov,
	author = {Petrov,Slav and Klein,Dan},
	title = {Improved inference for unlexicalized parsing},
	booktitle = {Proceedings of HLT/NAACL},
	publisher = {},
	address = {Rochester, New York},
	pages = {404-411},
	year = {2007}
}

@inproceedings{2006Wang,
	author = {Wang, Mengqiu and Sagae,Kenji and Mitamura,Teruko},
	title = {A fast, accurate deterministic parser for Chinese},
	booktitle = {Proceedings of COLING/ACL},
	publisher = {},
	address = {Sydney, Australia},
	pages = {425–432},
	year = {2006}
}

@inproceedings{2006Closky,
	author = {McClosky,David and Charniak,Eugene and Johnson,Mark},
	title = {Effective self-training for parsing},
	booktitle = {Proceedings of the HLT/NAACL},
	publisher = {},
	address = {New York City, USA},
	pages = {152-159},
	year = {2006}
}

@inproceedings{2006Sagae,
	author = {Sagae,Kenji and Alon,Lavie},
	title = {A best-first probabilistic shift-reduce parser},
	booktitle = {Proceedings of the COLING/ACL},
	publisher = {},
	address = {},
	pages = {691-698},
	year = {2006}
}

@InProceedings{sagae-lavie:2006:POS,
  author    = {Sagae, Kenji  and  Lavie, Alon},
  title     = {A Best-First Probabilistic Shift-Reduce Parser},
  booktitle = {Proceedings of the COLING/ACL 2006 Main Conference Poster Sessions},
  month     = {July},
  year      = {2006},
  address   = {Sydney, Australia},
  publisher = {Association for Computational Linguistics},
  pages     = {691--698},
  url       = {http://www.aclweb.org/anthology/P/P06/P06-2089}
}

@inproceedings{2005Charniak,
	author = {Charniak,Eugene and Johnson,Mark},
	title = {"Coarse-to-fine n-best parsing and maxent discriminative reranking"},
	booktitle = {Proceeding of ACL},
	publisher = {},
	address = {},
	pages = {173-180},
	year = {2005}
}

@InProceedings{Mcdonald-etal:2005:ACL,
  author    = {McDonald, Ryan  and  Crammer, Koby  and  Pereira, Fernando},
  title     = {Online Large-Margin Training of Dependency Parsers},
  booktitle = {Proceedings of the 43rd Annual Meeting of the Association for Computational Linguistics (ACL'05)},
  month     = {June},
  year      = {2005},
  address   = {Ann Arbor, Michigan},
  publisher = {Association for Computational Linguistics},
  pages     = {91--98},
  url       = {http://www.aclweb.org/anthology/P/P05/P05-1012}
}

@inproceedings{2004Henderson,
	author = {Henderson,James},
	title = {Discriminative training of a neural network statistical parser},
	booktitle = {Proceedings of ACL},
	publisher = {},
	address = {},
	pages = {},
	year = {2004}
}

@inproceedings{2004Collins,
	author = {Collins,Michael and Roark,Brian},
	title = {Incremental parsing with the perceptron algorithm},
	booktitle = {Proceedings of ACL},
	publisher = {},
	address = {Stroudsburg, PA, USA},
	pages = {},
	year = {2004}
}

@inproceedings{2004Taskbar,
	author = {Taskar,Ben and Klein,Dan and Collins,Michael and Koller,Daphne and Manning,Chris"},
	title = {Max-margin parsing},
	booktitle = {Proceedings of EMNLP},
	publisher = {},
	address = {},
	pages = {},
	year = {2004}
}

@inproceedings{Klein:2003:NAACL,
 author = {Klein, Dan and Manning, Christopher D.},
 title = {A* Parsing: Fast Exact Viterbi Parse Selection},
 booktitle = {Proceedings of the 2003 Conference of the North American Chapter of the Association for Computational Linguistics on Human Language Technology - Volume 1},
 series = {NAACL '03},
 year = {2003},
 location = {Edmonton, Canada},
 pages = {40--47},
 numpages = {8},
 url = {http://dx.doi.org/10.3115/1073445.1073461},
 doi = {10.3115/1073445.1073461},
 acmid = {1073461},
 publisher = {Association for Computational Linguistics},
 address = {Stroudsburg, PA, USA},
}

@inproceedings{NivreAEA03,
  title = {An Efficient Algorithm for Projective Dependency Parsing},
  booktitle = {Proceedings of the 8th International Workshop on Parsing Technologies (IWPT)},
  publisher = {},
  year = {2003},
  pages = {149--160},
  author = {Nivre, Joakim},
  editor = {},
  url = {http://stp.lingfil.uu.se/~nivre/docs/iwpt03.pdf},
  note = {}
}

@inproceedings{2003DanACL,
	author = {Klein,Dan and Manning,Chris},
	title = {Accurate Unlexicalized Parsing},
	booktitle = {Proceedings of ACL},
	publisher = {},
	address = {},
	pages = {},
	year = {2003}
}

@inproceedings{2003DanNAACL,
	author = {Klein,Dan and Manning,Chris},
	title = {A* parsing: Fast exact Viterbi parse selection},
	booktitle = {Proceedings of HLT-NAACL},
	publisher = {},
	address = {},
	pages = {},
	year = {2003}
}

@inproceedings{2000Collins,
	author = {Collins,Michael},
	title = {Discriminative reranking for natural language processing},
	booktitle = {Proceedings of ICML},
	publisher = {},
	address = {Stanford, CA, USA},
	pages = {175–182},
	year = {2000}
}

@book{1998Johnson,
	author = {Johnson,Mark},
	title = {PCFG models of linguistic tree representations},
	booktitle = {Computational Linguistics},
	pages = {24:613–632},
	year = "1998"
}

@inproceedings{1999Collins,
	author = {Collins,Michael},
	title = {Head-driven statistical models for natural language parsing},
	booktitle = {Ph.D. thesis},
	publisher = {},
	address = {University of Pennsylvania},
	pages = {},
	year = {1999}
}

@inproceedings{1997Collins,
	author = {Collins,Michael},
	title = {Three generative, lexicalised models for statistical parsing},
	booktitle = {Proceedings of ACL},
	publisher = {},
	address = {Madrid, Spain},
	pages = {},
	year = {1997}
}

@article{Brown:1992,
 author = {Brown, Peter F. and deSouza, Peter V. and Mercer, Robert L. and Pietra, Vincent J. Della and Lai, Jenifer C.},
 title = {Class-based N-gram Models of Natural Language},
 journal = {Comput. Linguist.},
 issue_date = {December 1992},
 volume = {18},
 number = {4},
 month = dec,
 year = {1992},
 issn = {0891-2017},
 pages = {467--479},
 numpages = {13},
 url = {http://dl.acm.org/citation.cfm?id=176313.176316},
 acmid = {176316},
 publisher = {MIT Press},
 address = {Cambridge, MA, USA},
} 

@inproceedings{1991Tomita,
	author = {Masaru,Tomita},
	title = {{Generalized LR Parsing}},
	booktitle = {},
	publisher = {Kluwer Academic},
	address = {},
	pages = {},
	year = {1991}
}