@inproceedings{2014David,
	author = "David,Hall and Greg,Durrett and Dan,Klein",
	title = "Less Grammar, More Features",
	booktitle = "Proceedings of the 52nd Annual Meeting of the Association for Computational Linguistics",
	publisher = "",
	address = "Baltimore, Maryland",
	pages = "228-337",
	year = "2014"
}

@inproceedings{2013Zhao,
	author = "Kai,Zhao and Jame,Cross and Liang,Huang",
	title = "Optimal Incremental Parsing via Best-First Dynamic Programming",
	booktitle = "Proceedings of EMNLP 2013",
	publisher = "",
	address = "",
	pages = "",
	year = "2013"
}

@InProceedings{2012Zhu,
	author    = "Zhu, Muhua  and  Zhang, Yue  and  Chen, Wenliang  and  Zhang, Min  and  Zhu, Jingbo",
	title     = {Fast and Accurate Shift-Reduce Constituent Parsing},
	booktitle = {Proceedings of the 51st Annual Meeting of the Association for Computational Linguistics (Volume 1: Long Papers)},
	month     = {August},
	year      = {2012},
	address   = {Sofia, Bulgaria},
	publisher = {Association for Computational Linguistics},
	pages     = {434--443},
	url       = {http://www.aclweb.org/anthology/P13-1043}
}

@inproceedings{2011Zhang,
	author = "Yue,Zhang and Joakim,Nivre",
	title = "Transition-based dependency parsing with rich non-local features",
	booktitle = "Proceedings of ACL 2011",
	publisher = "",
	address = "Portland, Oregon, USA",
	pages = "188–193",
	year = "2011"
}

@inproceedings{2010Huang,
	author = "Liang,Huang and Kenji,Sagae",
	title = "Dynamic programming for linear-time incremental parsing",
	booktitle = "Proceedings of ACL 2010",
	publisher = "",
	address = "",
	pages = "",
	year = "2010"
}

@inproceedings{2009Zhang,
	author = "Yue,Zhang and Stephen,Clark",
	title = "Transition-based parsing of the Chinese Treebank using a global discriminative model.",
	booktitle = "Proceedings of IWPT",
	publisher = "",
	address = "Paris, France",
	pages = "",
	year = "2009"
}

@inproceedings{2008Xavier,
	author = "Xavier,Carreras and Michael,Collins and Terry,Koo",
	title = "Tag, dynamic programming, and the perceptron for efficient, feature-rich parsing",
	booktitle = "Proceedings of CoNLL",
	publisher = "",
	address = "Manchester, England",
	pages = "9-16",
	year = "2008"
}

@inproceedings{2008Huang,
	author = "Liang Huang",
	title = "Forest reranking: discriminative parsing with non-local features",
	booktitle = "Proceedings of ACL",
	publisher = "",
	address = "Ohio, USA",
	pages = "586-594",
	year = "2008"
}

@inproceedings{2007petrov,
	author = "Slav,Petrov and Dan,Klein",
	title = "Improved inference for unlexicalized parsing",
	booktitle = "Proceedings of HLT/NAACL",
	publisher = "",
	address = "Rochester, New York",
	pages = "404-411",
	year = "2007"
}

@inproceedings{2006Wang,
	author = "Mengqiu,Wang, Kenji,Sagae, and Teruko,Mitamura",
	title = "A fast, accurate deterministic parser for Chinese",
	booktitle = "Proceedings of COLING/ACL",
	publisher = "",
	address = "Sydney, Australia",
	pages = "425–432",
	year = "2006"
}

@inproceedings{2006Closky,
	author = "David,McClosky, Eugene,Charniak, and Mark,Johnson",
	title = "Effective self-training for parsing",
	booktitle = "Proceedings of the HLT/NAACL",
	publisher = "",
	address = "New York City, USA",
	pages = "152-159",
	year = "2006"
}

@inproceedings{2006Sagae,
	author = "Kenji,Sagae and Alon,Lavie",
	title = "A best-first probabilistic shift-reduce parser",
	booktitle = "Proceedings of the COLING/ACL",
	publisher = "",
	address = "",
	pages = "691-698",
	year = "2006"
}

@inproceedings{2005Charniak,
	author = "Eugune,Charniak and Mark,Johnson",
	title = "Coarse-to-fine n-best parsing and maxent discriminative reranking",
	booktitle = "Proceeding of ACL",
	publisher = "",
	address = "",
	pages = "173-180",
	year = "2005"
}

@inproceedings{2004Henderson,
	author = "James,Henderson",
	title = "Discriminative training of a neural network statistical parser",
	booktitle = "Proceedings of ACL",
	publisher = "",
	address = "",
	pages = "",
	year = "2004"
}

@inproceedings{2004Collins,
	author = "Michael,Collins and Brian,Roark",
	title = "Incremental parsing with the perceptron algorithm",
	booktitle = "Proceedings of ACL",
	publisher = "",
	address = "Stroudsburg, PA, USA",
	pages = "",
	year = "2004"
}

@inproceedings{2004Taskbar,
	author = "Ben,Taskar and Dan,Klein and Michael,Collins and Daphne,Koller and Chris,Manning",
	title = "Max-margin parsing",
	booktitle = "Proceedings of EMNLP",
	publisher = "",
	address = "",
	pages = "",
	year = "2004"
}

@inproceedings{2003DanACL,
	author = "Dan,Klein and Christopher,D.Manning",
	title = "Accurate Unlexicalized Parsing",
	booktitle = "Proceedings of ACL",
	publisher = "",
	address = "",
	pages = "",
	year = "2003"
}

@inproceedings{2003DanNAACL,
	author = "Dan,Klein and Christopher,D.Manning",
	title = "A* parsing: Fast exact Viterbi parse selection",
	booktitle = "Proceedings of HLT-NAACL",
	publisher = "",
	address = "",
	pages = "",
	year = "2003"
}

@inproceedings{2000Collins,
	author = "Michael,Collins",
	title = "Discriminative reranking for natural language processing",
	booktitle = "Proceedings of ICML",
	publisher = "",
	address = "Stanford, CA, USA",
	pages = "175–182",
	year = "2000"
}

@inproceedings{1999Collins,
	author = "Michael,Collins",
	title = "Head-driven statistical models for natural language parsing",
	booktitle = "Ph.D. thesis",
	publisher = "",
	address = "University of Pennsylvania",
	pages = "",
	year = "1999"
}

@inproceedings{1997Collins,
	author = "Michael,Collins",
	title = "Three generative, lexicalised models for statistical parsing",
	booktitle = "Proceedings of ACL",
	publisher = "",
	address = "Madrid, Spain",
	pages = "",
	year = "1997"
}

@inproceedings{1991Tomita,
	author = "Masaru,Tomita",
	title = "Generalized LR Parsing",
	booktitle = "",
	publisher = "Kluwer Academic",
	address = "",
	pages = "",
	year = "1991"
}